% Course Textbook
@book{malik_2015,
  place={Stamford, CT},
  edition={7},
  title={C programming: program design including data structures},
  publisher={Cengage Learning},
  author={Malik, D. S.},
  year={2015}
}

% Compiler and Linker Article
@article{pitts_2000,
  title = {Compiler, Linker and Runtime Errors},
  author = {Pitts, Robert},
  pubisher = {BU CAS CS},
  year = {2000},
  url = {https://www.cs.bu.edu/teaching/cpp/debugging/errors/#logic-error},
  urldate = {2020-02-02}
}
